@String(PAMI = {IEEE Trans. Pattern Anal. Mach. Intell.})
@String(IJCV = {Int. J. Comput. Vis.})
@String(CVPR= {IEEE Conf. Comput. Vis. Pattern Recog.})
@String(ICCV= {Int. Conf. Comput. Vis.})
@String(ECCV= {Eur. Conf. Comput. Vis.})
@String(NIPS= {Adv. Neural Inform. Process. Syst.})
@String(ICPR = {Int. Conf. Pattern Recog.})
@String(BMVC= {Brit. Mach. Vis. Conf.})
@String(TOG= {ACM Trans. Graph.})
@String(TIP  = {IEEE Trans. Image Process.})
@String(TVCG  = {IEEE Trans. Vis. Comput. Graph.})
@String(TMM  = {IEEE Trans. Multimedia})
@String(ACMMM= {ACM Int. Conf. Multimedia})
@String(ICME = {Int. Conf. Multimedia and Expo})
@String(ICASSP=	{ICASSP})
@String(ICIP = {IEEE Int. Conf. Image Process.})
@String(ACCV  = {ACCV})
@String(ICLR = {Int. Conf. Learn. Represent.})
@String(IJCAI = {IJCAI})
@String(PR   = {Pattern Recognition})
@String(AAAI = {AAAI})
@String(CVPRW= {IEEE Conf. Comput. Vis. Pattern Recog. Worksh.})
@String(CSVT = {IEEE Trans. Circuit Syst. Video Technol.})

@String(SPL	= {IEEE Sign. Process. Letters})
@String(VR   = {Vis. Res.})
@String(JOV	 = {J. Vis.})
@String(TVC  = {The Vis. Comput.})
@String(JCST  = {J. Comput. Sci. Tech.})
@String(CGF  = {Comput. Graph. Forum})
@String(CVM = {Computational Visual Media})


@String(PAMI  = {IEEE TPAMI})
@String(IJCV  = {IJCV})
@String(CVPR  = {CVPR})
@String(ICCV  = {ICCV})
@String(ECCV  = {ECCV})
@String(NIPS  = {NeurIPS})
@String(ICPR  = {ICPR})
@String(BMVC  =	{BMVC})
@String(TOG   = {ACM TOG})
@String(TIP   = {IEEE TIP})
@String(TVCG  = {IEEE TVCG})
@String(TCSVT = {IEEE TCSVT})
@String(TMM   =	{IEEE TMM})
@String(ACMMM = {ACM MM})
@String(ICME  =	{ICME})
@String(ICASSP=	{ICASSP})
@String(ICIP  = {ICIP})
@String(ACCV  = {ACCV})
@String(ICLR  = {ICLR})
@String(IJCAI = {IJCAI})
@String(PR = {PR})
@String(AAAI = {AAAI})
@String(CVPRW= {CVPRW})
@String(CSVT = {IEEE TCSVT})




@inproceedings{vaswani2017transformer,
    author      = {Vaswani, Ashish and Shazeer, Noam and Parmar, Niki and Uszkoreit, 
                   Jakob and Jones, Llion and Gomez, Aidan N and Kaiser,  Lukasz and 
                   Polosukhin, Illia},
    title       = {Attention is All you Need},
    booktitle   = {NeurIPS},
    year        = {2017}
}

@inproceedings{nicolas2020detr,
    author      = {Nicolas Carion and Francisco Massa and Gabriel Synnaeve 
                   and Nicolas Usunier and Alexander Kirillov and Sergey Zagoruyko},
    title       = {End-to-End Object Detection with Transformers},
    booktitle   = {ECCV},
    year        = {2020},
}

@inproceedings{kaiming2016resnet,
    author      = {Kaiming He and Xiangyu Zhang and Shaoqing Ren and Jian Sun},
    title       = {Deep Residual Learning for Image Recognition},
    booktitle   = {CVPR},
    year        = {2016},
}

@inproceedings{zhu2021deformable,
    author      = {Xizhou Zhu and Weijie Su and Lewei Lu and Bin Li and Xiaogang Wang and Jifeng Dai},
    title       = {Deformable {DETR}: Deformable Transformers for End-to-End Object Detection},
    booktitle   = {ICLR},
    year        = {2021}
}

@inproceedings{touvron2021deit,
    author      = {Touvron, Hugo and Cord, Matthieu and Douze, Matthijs and Massa, Francisco and Sablayrolles, Alexandre and Jegou, Herve},
    title       = {Training data-efficient image transformers and distillation through attention},
    booktitle   = {International Conference on Machine Learning},
    year        = {2021}
}

@inproceedings{nguyen2022boxer,
    author      = {Duy{-}Kien Nguyen and Jihong Ju and Olaf Booij and Martin R. Oswald and Cees G. M. Snoek},
    title       = {BoxeR: Box-Attention for 2D and 3D Transformers},
    booktitle   = {CVPR},
    year        = {2022}
}

@inproceedings{jia2023hybridmatching,
    author      = {Ding Jia and Yuhui Yuan and Haodi He and Xiaopei Wu and Haojun Yu and Weihong Lin and Lei Sun and Chao Zhang and Han Hu},
    title       = {Detrs with hybrid matching},
    booktitle   = {CVPR},
    year        = {2023}
}

@inproceedings{fu2019dan,
    author      = {Jun Fu and Jing Liu and Haijie Tian and Yong Li and Yongjun Bao and Zhiwei Fang and Hanqing Lu},
    title       = {Dual Attention Network for Scene Segmentation},
    booktitle   = {CVPR},
    year        = {2019}
}

@inproceedings{huang2019ccnet,
    author      = {Zilong Huang and Xinggang Wang and Yunchao Wei and Lichao Huang and Humphrey Shi and Wenyu Liu and Thomas S. Huang},
    title       = {CCNet: Criss-Cross Attention for Semantic Segmentation},
    booktitle   = {ICCV},
    year        = {2019}
}

@inproceedings{zheng2021setr,
    author      = {Sixiao Zheng and Jiachen Lu and Hengshuang Zhao and Xiatian Zhu and Zekun Luo and Yabiao Wang and Yanwei Fu and Jianfeng Feng and Tao Xiang and Philip H.S. Torr and Li Zhang},
    title       = {Rethinking Semantic Segmentation from a Sequence-to-Sequence Perspective with Transformers},
    booktitle   = {CVPR},
    year        = {2021}
}

@inproceedings{strudel2021segmenter,
    author      = {Robin Strudel and Ricardo Garcia and Ivan Laptev and Cordelia Schmid},
    title       = {Segmenter: Transformer for Semantic Segmentation},
    booktitle   = {ICCV},
    year        = {2021}
}

@article{chen2018deeplab,
    author      = {Liang-Chieh Chen and George Papandreou and Iasonas Kokkinos and Kevin Murphy and Alan L. Yuille},
    title       = {DeepLab: Semantic Image Segmentation with Deep Convolutional Nets, Atrous Convolution, and Fully Connected CRFs},
    journal     = {TPAMI},
    year        = {2018}
}

@article{chen2017rethinking,
    author      = {Liang-Chieh Chen and George Papandreou and Florian Schroff and Hartwig Adam},
    title       = {Rethinking Atrous Convolution for Semantic Image Segmentation},
    journal     = {arXiv preprint arXiv:1706.05587},
    year        = {2017},
}

@article{peng2022beitv2,
    title       = {{BEiT v2}: Masked Image Modeling with Vector-Quantized Visual Tokenizers},
    author      = {Zhiliang Peng and Li Dong and Hangbo Bao and Qixiang Ye and Furu Wei},
    year        = {2022},
    journal     = {arXiv preprint arXiv:2208.06366},
}

@article{touvron2022deit3,
    title       = {DeiT III: Revenge of the ViT},
    author      = {Hugo Touvron and Matthieu Cord and Herve Jegou},
    journal     = {arXiv preprint arXiv:2204.07118},
    year        = {2022},
}

@inproceedings{zhao2017psp,
    author      = {Hengshuang Zhao and Jianping Shi and Xiaojuan Qi and Xiaogang Wang and Jiaya Jia},
    title       = {Pyramid Scene Parsing Network},
    booktitle   = {CVPR},
    year        = {2017},
}

@inproceedings{long2015fcn,
    author      = {Jonathan Long and Evan Shelhamer and Trevor Darrell},
    title       = {Fully Convolutional Networks for Semantic Segmentation},
    booktitle   = {CVPR},
    year        = {2015}
}

@inproceedings{kirillov2019panoptic,
    author      = {Alexander Kirillov and Kaiming He and Ross Girshick and Carsten Rother and Piotr Dollar},
    title       = {Panoptic segmentation},
    booktitle   = {CVPR},
    year        = {2019}
}

@inproceedings{kirillov2019panopticfpn,
    author      = {Alexander Kirillov and Ross Girshick and Kaiming He and Piotr Dollar},
    title       = {Panoptic feature pyramid networks},
    booktitle   = {CVPR},
    year        = {2019}
}

@inproceedings{xiong2019upsnet,
    author      = {Yuwen Xiong and Renjie Liao and Hengshuang Zhao and Rui Hu and Min Bai and Ersin Yumer and Raquel Urtasun},
    title       = {UPSNet: A Unified Panoptic Segmentation Network},
    booktitle   = {CVPR},
    year        = {2019}
}

@inproceedings{li2019aunet,
    author      = {Yanwei Li and Xinze Chen and Zheng Zhu and Lingxi Xie and Guan Huang and Dalong Du and Xingang Wang},
    title       = {Attention-guided Unified Network for Panoptic Segmentation},
    booktitle   = {CVPR},
    year        = {2019}
}

@inproceedings{zhang2021knet,
    author      = {Wenwei Zhang and Jiangmiao Pang and Kai Chen and Chen Change Loy},
    title       = {K-Net: Towards Unified Image Segmentation},
    booktitle   = {NeurIPS},
    year        = {2021}
}

@inproceedings{guler2018densepose,
    author      = {Rıza Alp Güler and Natalia Neverova and Iasonas Kokkinos},
    title       = {DensePose: Dense Human Pose Estimation In The Wild},
    booktitle   = {CVPR},
    year        = {2018}
}

@inproceedings{yu2022kmmask,
    author      = {Qihang Yu and Huiyu Wang and Siyuan Qiao and Maxwell Collins and Yukun Zhu and Hartwig Adam and Alan Yuille and Liang-Chieh Chen},
    title       = {k-means Mask Transformer},
    booktitle   = {ECCV},
    year        = {2022}
}

@inproceedings{dosovitskiy2021vit,
    author      = {Alexey Dosovitskiy and Lucas Beyer and Alexander Kolesnikov and 
                   Dirk Weissenborn and Xiaohua Zhai and Thomas Unterthiner and Mostafa Dehghani and Matthias Minderer and Georg Heigold and Sylvain Gelly and Jakob Uszkoreit and Neil Houlsby},
    title       = {An Image is Worth 16x16 Words: Transformers for Image Recognition                at Scale},
    booktitle   = {ICLR},
    year        = {2021},
}

@inproceedings{lin2014mscoco,
    author      = {Tsung{-}Yi Lin and Michael Maire and Serge J. Belongie and Lubomir D. Bourdev and 
                   Ross B. Girshick and James Hays and Pietro Perona and Deva Ramanan and Piotr Doll{\'{a}}r and C. Lawrence Zitnick},
    title       = {Microsoft {COCO:} Common Objects in Context},
    booktitle   = {ECCV},
    year        = {2014},
}

@inproceedings{bahdanau2015attention,
    author      = {Dzmitry Bahdanau and Kyunghyun Cho and Yoshua Bengio},
    title       = {Neural Machine Translation by Jointly Learning to Align and Translate},
    booktitle   = {ICLR},
    year        = {2015}
}

@inproceedings{srinivas2021bottleneck,
    author      = {Aravind Srinivas and Tsung-Yi Lin and Niki Parmar and Jonathon Shlens and Pieter                Abbeel and Ashish Vaswani},
    title       = {Bottleneck Transformers for Visual Recognition},
    booktitle   = {CVPR},
    year        = {2021},
}

@article{ba2016layernorm,
    author      = {Jimmy Lei Ba, Jamie Ryan Kiros, Geoffrey E. Hinton},
    title       = {Layer Normalization},
    journal     = {arXiv preprint arXiv:1607.06450},
    year        = {2016},
}

@inproceedings{sheng2021channeltransformer,
    author      = {Hualian Sheng and Sijia Cai and Yuan Liu and Bing Deng and Jianqiang Huang and Xian{-}Sheng Hua and Min{-}Jian Zhao},
    title       = {Improving 3D Object Detection with Channel-wise Transformer},
    booktitle   = {ICCV},
    year        = {2021},
}

@inproceedings{liu2021grouptransformer,
    author      = {Ze Liu and Zheng Zhang and Yue Cao and Han Hu and Xin Tong},
    title       = {Group-Free 3D Object Detection via Transformers},
    booktitle   = {ICCV},
    year        = {2021},
}

@inproceedings{max2015spatialtransformer,
    author      = {Jaderberg, Max and Simonyan, Karen and Zisserman, Andrew and kavukcuoglu, koray},
    booktitle   = {NeurIPS},
    title       = {Spatial Transformer Networks},
    year        = {2015}
}

@inproceedings{manzil2020bigbird,
    author      = {Zaheer, Manzil and Guruganesh, Guru and Dubey, Kumar Avinava and 
                   Ainslie, Joshua and Alberti, Chris and Ontanon, Santiago and Pham, Philip and Ravula, Anirudh and Wang, Qifan and Yang, Li and Ahmed, Amr},
    booktitle   = {NeurIPS},
    title       = {{Big Bird}: Transformers for Longer Sequences},
    year        = {2020}
}

@inproceedings{prajit2019visionattention,
    author      = {Ramachandran, Prajit and Parmar, Niki and Vaswani, Ashish and Bello, 
                   Irwan and Levskaya, Anselm and Shlens, Jon},
    booktitle   = {NeurIPS},
    title       = {Stand-Alone Self-Attention in Vision Models},
    year        = {2019}
}

@article{child2019sparetransformer,
    author      = {Rewon Child and Scott Gray and Alec Radford and
                   Ilya Sutskever},
    title       = {Generating Long Sequences with Sparse Transformers},
    journal     = {arXiv preprint arXiv:1904.10509},
    year        = {2019},
}

@article{cai2019cascadercnn,
    author      = {Zhaowei Cai and Nuno Vasconcelos},
    title       = {Cascade R-CNN: High Quality Object Detection and Instance Segmentation},
    journal     = {TPAMI}, 
    year        = {2019}
}

@inproceedings{qiu2020blockwise,
    title       = "Blockwise Self-Attention for Long Document Understanding",
    author      = {Qiu, Jiezhong  and Ma, Hao  and Levy, Omer  and
                   Yih, Wen-tau  and Wang, Sinong  and Tang, Jie},
    booktitle   = {EMNLP},
    year        = {2020},
}

@inproceedings{kitaev2020reformer,
    title       = {Reformer: The Efficient Transformer},
    author      = {Nikita Kitaev and L. Kaiser and Anselm Levskaya},
    booktitle   = {ICLR},
    year        = {2020}
}

@inproceedings{choromanski2020performer,
    title       = {Rethinking Attention with Performers},
    author      = {Krzysztof Choromanski and Valerii Likhosherstov and David Dohan and                            Xingyou Song and A. Gane and Tam{\'a}s Sarl{\'o}s and P. Hawkins and                           J. Davis and Afroz Mohiuddin and L. Kaiser and D. Belanger and Lucy                            J. Colwell and Adrian Weller},
    booktitle   = {ICLR},
    year        = {2021}
}

@inproceedings{ren2015faster_rcnn,
    author      = {Ren, Shaoqing and He, Kaiming and Girshick, Ross and Sun, Jian},
    booktitle   = {NeurIPS},
    title       = {Faster {R-CNN}: Towards Real-Time Object Detection with Region Proposal Networks},
    year        = {2015}
}

@inproceedings{girshick2015fast_rcnn,
    author      = {Girshick, Ross},
    title       = {Fast R-CNN},
    booktitle   = {ICCV},
    year        = {2015}
}

@inproceedings{redmon2016yolo,
    author      = {Redmon, Joseph and Divvala, Santosh and Girshick, Ross and Farhadi, Ali},
    title       = {You Only Look Once: Unified, Real-Time Object Detection},
    booktitle   = {CVPR},
    year        = {2016}
}

@inproceedings{dai2017deform_conv,
    author      = {Dai, Jifeng and Qi, Haozhi and Xiong, Yuwen and Li, Yi and Zhang, 
                   Guodong and Hu, Han and Wei, Yichen},
    title       = {Deformable Convolutional Networks},
    booktitle   = {ICCV},
    year        = {2017}
}

@inproceedings{girshick2014rcnn,
    author      = {Ross Girshick and Jeff Donahue and Trevor Darrell and
                   Jitendra Malik},
    title       = {Rich feature hierarchies for accurate
                   object detection and semantic segmentation},
    booktitle   = {CVPR},
    year        = {2014}
}

@inproceedings{wei2016ssd,
    title	    = {{SSD}: Single Shot MultiBox Detector},
    author	    = {Wei Liu and Dragomir Anguelov and Dumitru Erhan and Christian Szegedy and Scott 
                   Reed and Cheng-Yang Fu and Alexander C. Berg},
    year	    = {2016},
    booktitle   = {ECCV},
}

@inproceedings{deng2009imagenet,
    author      = {Deng, Jia and Dong, Wei and Socher, Richard and Li, Li-Jia and Li, Kai and Fei-Fei, Li},
    title       = {ImageNet: A Large-Scale Hierarchical Image Database},
    booktitle   = {CVPR},
    year        = {2009},
}

@inproceedings{alexander2019panoptic,
    author      = {Alexander Kirillov and Ross B. Girshick and Kaiming He and Piotr Doll{\'{a}}r},
    title       = {Panoptic Feature Pyramid Networks},
    booktitle   = {CVPR},
    year        = {2019},
}

@article{hochreiter1997lstm,
    author      = {Hochreiter, Sepp and Schmidhuber, J{\"u}rgen},
    journal     = {Neural computation},
    title       = {Long short-term memory},
    year        = {1997},
}


@inbook{lecun95convolutional,
    author      = {LeCun, Yann and Bengio, Yoshua},
    booktitle   = {The Handbook of Brain Theory and Neural Networks},
    title       = {Convolutional Networks for Images, Speech and Time Series},
    year        = {1995},
    publisher   = {MIT Press},
    pages       = {255--258},
}


@inproceedings{shaw2018relativepe,
    title       = {Self-Attention with Relative Position Representations},
    author      = {Shaw, Peter and Uszkoreit, Jakob and Vaswani, Ashish},
    booktitle   = {ACL},
    year        = {2018},
}


@inproceedings{zitnick2014edge,
    author      = {Zitnick, Larry and Dollar, Piotr},
    title       = {Edge Boxes: Locating Object Proposals from Edges},
    booktitle   = {ECCV},
    year        = {2014},
}


@inproceedings{cheng2021maskformer,
    author      = {Bowen Cheng and Alexander G. Schwing and Alexander Kirillov},
    title       = {Per-Pixel Classification is Not All You Need for Semantic Segmentation},
    booktitle   = {NeurIPS},
    year        = {2021},
}


@inproceedings{chen2022uvit,
    author      = {Wuyang Chen and Xianzhi Du and Fan Yang and Lucas Beyer and Xiaohua Zhai and Tsung-Yi Lin and Huizhong Chen and Jing Li and Xiaodan Song and Zhangyang Wang and Denny Zhou},
    title       = {A Simple Single-Scale Vision Transformer for Object Localization and Instance Segmentation},
    booktitle   = {ECCV},
    year        = {2022},
}


@inproceedings{li2022vitdet,
    author      = {Yanghao Li and Hanzi Mao and Ross Girshick and Kaiming He},
    title       = {Exploring Plain Vision Transformer Backbones for Object Detection},
    booktitle   = {ECCV},
    year        = {2022},
}


@inproceedings{cheng2022mask2former,
    author      = {Bowen Cheng and Ishan Misra and Alexander G. Schwing and Alexander Kirillov and Rohit Girdhar},
    title       = {Mask2Former: Masked-attention Mask Transformer for Universal Image Segmentation},
    booktitle   = {CVPR},
    year        = {2022},
}


@inproceedings{wang2021maxdeeplab,
    author      = {Huiyu Wang and Yukun Zhu and Hartwig Adam and Alan Yuille and Liang-Chieh Chen},
    title       = {MaX-DeepLab: End-to-End Panoptic Segmentation with Mask Transformers},
    booktitle   = {CVPR},
    year        = {2021},
}

@article{uijlings2013selective,
    author      = {Jasper R.R. Uijlings and Koen E.A. van de Sande and Theo Gevers and Arnold W.M. Smeulders},
    title       = {Selective Search for Object Recognition},
    journal     = {IJCV},
    year        = {2013},
}

@article{liu2020survay,
    author      = {Li Liu and Wanli Ouyang and Xiaogang Wang and Paul W. Fieguth and Jie Chen and Xinwang Liu and Matti Pietik{\"{a}}inen},
    title       = {Deep Learning for Generic Object Detection: {A} Survey},
    journal     = {IJCV},
    year        = {2020},
}


@article{kuhn1955hungarian,
    author      = {Harold W. Kuhn},
    title       = {The {H}ungarian method for the assignment problem},
    journal     = {Naval Res. Logist. Quart},
    year        = {1955},
}

@inproceedings{fan2021mstransformer,
    author      = {Haoqi Fan and Bo Xiong and Karttikeya Mangalam and Yanghao Li and Zhicheng Yan and Jitendra Malik and Christoph Feichtenhofer},
    title       = {Multiscale Vision Transformers},
    booktitle   = {ICCV}, 
    year        = {2021},
}

@inproceedings{kingma2015adam,
    title       = {Adam: A Method for Stochastic Optimization},
    author      = {{Kingma}, Durk~P. and {Ba}, Jimmy},
    booktitle   = {ICLR},
    year        = {2015}
}

@inproceedings{tsung2017fpn,
    author      = {Tsung-Yi {Lin} and Piotr  {Dollár} and Ross {Girshick} and Kaiming {He} and Bharath {Hariharan} and Serge {Belongie}},
    booktitle   = {CVPR}, 
    title       = {Feature Pyramid Networks for Object Detection}, 
    year        = {2017},
}

@inproceedings{he2017maskrcnn,
    author      = {Kaiming He and Georgia Gkioxari and Piotr Dollár and Ross Girshick},
    title       = {Mask {R-CNN}},
    booktitle   = {ICCV}, 
    year        = {2017}
}

@inproceedings{chen2019htc,
    author      = {Kai Chen and Jiangmiao Pang and Jiaqi Wang and Yu Xiong and Xiaoxiao Li and Shuyang Sun and Wansen Feng and Ziwei Liu and Jianping Shi and Wanli Ouyang and Chen Change Loy and Dahua Lin},
    title       = {Hybrid Task Cascade for Instance Segmentation},
    booktitle   = {CVPR}, 
    year        = {2019}
}

@inproceedings{dai2021dynamic_head,
    author      = {Dai, Xiyang and Chen, Yinpeng and Xiao, Bin and Chen, Dongdong and Liu, Mengchen and Yuan, Lu and Zhang, Lei},
    title       = {Dynamic Head: Unifying Object Detection Heads With Attentions},
    booktitle   = {CVPR},
    year        = {2021}
}

@inproceedings{sun2021sparse_rcnn,
    author      = {Peize Sun and Rufeng Zhang and Yi Jiang and Tao Kong and Chenfeng Xu and Wei Zhan and Masayoshi Tomizuka and Lei Li and Zehuan Yuan and Changhu Wang and Ping Luo},
    title       = {Sparse R-CNN: End-to-End Object Detection with Learnable Proposals},
    booktitle   = {CVPR},
    year        = {2021},
}

@inproceedings{wang2018nonlocal,
    author      = {Xiaolong Wang and Ross B. Girshick and Abhinav Gupta and Kaiming He},
    title       = {Non-local Neural Networks},
    booktitle   = {CVPR},
    year        = {2018},
}

@inproceedings{liu2021swintransformer,
    author      = {Ze Liu and Yutong Lin and Yue Cao and Han Hu and Yixuan Wei and Zheng Zhang and Stephen Lin and Baining Guo},
    title       = {Swin Transformer: Hierarchical Vision Transformer using Shifted Windows},
    booktitle   = {ICCV},
    year        = {2021},
}

@inproceedings{dai2016instanceconv,
    author      = {Jifeng Dai and Kaiming He and Yi Li and Shaoqing Ren and Jian Sun},
    title       = {Instance-sensitive Fully Convolutional Networks},
    booktitle   = {ECCV},
    year        = {2016},
}

@inproceedings{pinheiro2016refineobject,
    author      = {Pedro H. O. Pinheiro and Tsung{-}Yi Lin and Ronan Collobert and Piotr Doll{\'{a}}r},
    title       = {Learning to Refine Object Segments},
    booktitle   = {ECCV},
    year        = {2016},
}

@inproceedings{sun2020waymodata,
    author      = {Pei Sun and Henrik Kretzschmar and Xerxes Dotiwalla and Aurelien Chouard and Vijaysai Patnaik and Paul Tsui and James Guo and Yin Zhou and Yuning Chai and Benjamin Caine and Vijay Vasudevan and Wei Han and Jiquan Ngiam and Hang Zhao and Aleksei Timofeev andScott Ettinger and Maxim Krivokon and Amy Gao and Aditya Joshi and Yu Zhang and Jonathon Shlens and Zhifeng Chen and Dragomir Anguelov},
    title       = {Scalability in Perception for Autonomous Driving: Waymo Open Dataset},
    booktitle   = {CVPR},
    year        = {2020},
}

@inproceedings{shi2020pvrcnn,
    author      = {Shaoshuai Shi and Chaoxu Guo and Li Jiang and Zhe Wang and Jianping Shi and Xiaogang Wang and Hongsheng Li},
    title       = {{PV-RCNN:} Point-Voxel Feature Set Abstraction for 3D Object Detection},
    booktitle   = {CVPR},
    year        = {2020},
}

@inproceedings{li2020lidarrcnn,
    author      = {Zhichao Li and Feng Wang and Naiyan Wang},
    title       = {LiDAR {R-CNN:} An Efficient and Universal 3D Object Detector},
    booktitle   = {CVPR},
    year        = {2021},
}

@inproceedings{ge2020afdet,
    author      = {Runzhou Ge and Zhuangzhuang Ding and Yihan Hu and Yu Wang and Sijia Chen and Li Huang and Yuan Li},
    title       = {AFDet: Anchor Free One Stage 3D Object Detection},
    booktitle   = {CVPR Workshop},
    year        = {2020},
}

@inproceedings{yin2021center,
    title       = {Center-based 3D Object Detection and Tracking},
    author      = {Yin, Tianwei and Zhou, Xingyi and Kr{\"a}henb{\"u}hl, Philipp},
    booktitle   = {CVPR},
    year        = {2021},
}

@inproceedings{lang2019pointpillar,
    author      = {Alex H. Lang and Sourabh Vora and Holger Caesar and Lubing Zhou and Jiong Yang and Oscar Beijbom},
    title       = {PointPillars: Fast Encoders for Object Detection from Point Clouds},
    booktitle   = {CVPR},
    year        = {2019},
}

@inproceedings{tian2019fcos,
    author      = {Zhi Tian and Chunhua Shen and Hao Chen and Tong He},
    title       = {{FCOS:} Fully Convolutional One-Stage Object Detection},
    booktitle   = {ICCV},
    year        = {2019},
}

@inproceedings{zhang2020atss,
    author      = {Shifeng Zhang and Cheng Chi and Yongqiang Yao and Zhen Lei and Stan Z. Li},
    title       = {Bridging the Gap Between Anchor-based and Anchor-free Detection via Adaptive Training Sample Selection},
    booktitle   = {CVPR},
    year        = {2020},
}

@inproceedings{song2020tsd,
    author      = {Guanglu Song and Yu Liu and Xiaogang Wang},
    title       = {Revisiting the Sibling Head in Object Detector},
    booktitle   = {CVPR},
    year        = {2020},
}

@inproceedings{tan2020efficientdet,
    author      = {Mingxing Tan and Ruoming Pang and Quoc V. Le},
    title       = {EfficientDet: Scalable and Efficient Object Detection},
    booktitle   = {CVPR},
    year        = {2020},
}

@inproceedings{tay2021comparison,
    author      = {Yi Tay and Mostafa Dehghani and Jai Prakash Gupta and Dara Bahri and Vamsi Aribandi and Zhen Qin and Donald Metzler},
    title       = {Are Pre-trained Convolutions Better than Pre-trained Transformers?},
    booktitle   = {ACL},
    year        = {2021},
}

@inproceedings{ascoli2021convit,
    author      = {St{\'{e}}phane d'Ascoli and Hugo Touvron and Matthew L. Leavitt and Ari S. Morcos and Giulio Biroli and Levent Sagun},
    title       = {ConViT: Improving Vision Transformers with Soft Convolutional Inductive Biases},
    booktitle   = {ICML},
    year        = {2021},
}

@inproceedings{sun2021rangesparsenet,
    author      = {Pei Sun and Weiyue Wang and Yuning Chai and Gamaleldin Elsayed and Alex Bewley and Xiao Zhang and Cristian Sminchisescu and Dragomir Anguelov},
    title       = {{RSN:} Range Sparse Net for Efficient, Accurate LiDAR 3D Object Detection},
    booktitle   = {CVPR},
    year        = {2021},
}

@inproceedings{misra2021endtoend3d,
    author      = {Ishan Misra and Rohit Girdhar and Armand Joulin},
    title       = {An End-to-End Transformer Model for 3D Object Detection},
    booktitle   = {ICCV},
    year        = {2021},
}

@inproceedings{qi2017farthestpoint,
    author      = {Charles Ruizhongtai Qi and Li Yi and Hao Su and Leonidas J. Guibas},
    title       = {PointNet++: Deep Hierarchical Feature Learning on Point Sets in a Metric Space},
    booktitle   = {NeurIPS},
    year        = {2017},
}

@misc{wu2019detectron2,
  author =       {Yuxin Wu and Alexander Kirillov and Francisco Massa and Wan-Yen Lo and Ross Girshick},
  title =        {Detectron2},
  howpublished = {\url{https://github.com/facebookresearch/detectron2}},
  year =         {2019}
}

@inproceedings{wang2021yolov4,
    author    = {Wang, Chien-Yao and Bochkovskiy, Alexey and Liao, Hong-Yuan Mark},
    title     = {Scaled-YOLOv4: Scaling Cross Stage Partial Network},
    booktitle = {CVPR},
    year      = {2021}
}

@inproceedings{dai2021updetr,
    author    = {Zhigang Dai and Bolun Cai and Yugeng Lin and Junying Chen},
    title     = {{UP-DETR:} Unsupervised Pre-training for Object Detection with Transformers},
    booktitle = {CVPR},
    year      = {2021},
}

@inproceedings{sun2021rethinking,
    author    = {Zhiqing Sun and Shengcao Cao and Yiming Yang and Kris Kitani},
    title     = {Rethinking Transformer-based Set Prediction for Object Detection},
    booktitle = {ICCV},
    year      = {2021},
}

@inproceedings{gao2021detrcoattn,
    author    = {Peng Gao and Minghang Zheng and Xiaogang Wang and Jifeng Dai and Hongsheng Li},
    title     = {Fast Convergence of {DETR} with Spatially Modulated Co-Attention},
    booktitle = {ICCV},
    year      = {2021},
}

@inproceedings{zhang2020vfnet,
    author    = {Haoyang Zhang and Ying Wang and Feras Dayoub and Niko S{\"{u}}nderhauf},
    title     = {VarifocalNet: An IoU-aware Dense Object Detector},
    booktitle = {CVPR},
    year      = {2021},
}

@inproceedings{zhu2020sapd,
    author    = {Chenchen Zhu and Fangyi Chen and Zhiqiang Shen and Marios Savvides},
    title     = {Soft Anchor-Point Object Detection},
    booktitle = {ECCV},
    year      = {2020},
}

@inproceedings{ge2021ota,
    author    = {Zheng Ge and Songtao Liu and Zeming Li and Osamu Yoshie and Jian Sun},
    title     = {{OTA:} Optimal Transport Assignment for Object Detection},
    booktitle = {CVPR},
    year      = {2021},
}

@inproceedings{dai2021dynamidetr,
    author    = {Dai, Xiyang and Chen, Yinpeng and Yang, Jianwei and Zhang, Pengchuan and Yuan, Lu and Zhang, Lei},
    title     = {Dynamic {DETR}: End-to-End Object Detection With Dynamic Attention},
    booktitle = {ICCV},
    year      = {2021},
}

@inproceedings{xie2017resnext,
    author    = {Saining Xie and Ross B. Girshick and Piotr Doll{\'{a}}r and Zhuowen Tu and Kaiming He},
    title     = {Aggregated Residual Transformations for Deep Neural Networks},
    booktitle = {CVPR},
    year      = {2017},
}

@inproceedings{rezatofighi2019giou,
    author    = {Seyed Hamid Rezatofighi and Nathan Tsoi and JunYoung Gwak and Amir Sadeghian and Ian D. Reid and Silvio Savarese},
    title     = {Generalized Intersection over Union: {A} Metric and {A} Loss for Bounding
               Box Regression},
    booktitle = {CVPR},
    year      = {2019},
}

@inproceedings{lin2017focalloss,
    author    = {Tsung{-}Yi Lin and Priya Goyal and Ross B. Girshick and Kaiming He and Piotr Doll{\'{a}}r},
    title     = {Focal Loss for Dense Object Detection},
    booktitle = {ICCV},
    year      = {2017},
}

@inproceedings{milletari2016vnet,
    author    = {Fausto Milletari and Nassir Navab and Seyed{-}Ahmad Ahmadi},
    title     = {V-Net: Fully Convolutional Neural Networks for Volumetric Medical Image Segmentation},
    booktitle = {3DV},
    year      = {2016},
}

@inproceedings{dong2021solq,
    title     = {{SOLQ}: Segmenting Objects by Learning Queries},
    author    = {Dong, Bin and Zeng, Fangao and Wang, Tiancai and Zhang, Xiangyu and Wei, Yichen},
    booktitle = {NeurIPS},
    year      = {2021}
}

@inproceedings{fang2021queryinst,
    author    = {Yuxin Fang and Shusheng Yang and Xinggang Wang and Yu Li and Chen Fang and Ying Shan and Bin Feng and Wenyu Liu},
    title     = {Instances as Queries},
    booktitle = {ICCV},
    year      = {2021},
}

@inproceedings{simonyan2015vgg,
    author    = {Karen Simonyan and Andrew Zisserman},
    title     = {Very Deep Convolutional Networks for Large-Scale Image Recognition},
    booktitle = {ICLR},
    year      = {2015},
}

@inproceedings{fan2021mvit,
    author    = {Haoqi Fan and Bo Xiong and Karttikeya Mangalam and Yanghao Li and Zhicheng Yan and Jitendra Malik and Christoph Feichtenhofer},
    title     = {Multiscale Vision Transformers},
    booktitle = {ICCV},
    year      = {2021},
}

@inproceedings{wang2021pvit,
    author    = {Wenhai Wang and Enze Xie and Xiang Li and Deng-Ping Fan and Kaitao Song and Ding Liang and Tong Lu and Ping Luo and Ling Shao},
    title     = {Pyramid Vision Transformer: A versatile backbone for dense prediction without convolutions},
    booktitle = {ICCV},
    year      = {2021},
}

@inproceedings{heo2021rethinkingvit,
    author    = {Byeongho Heo and Sangdoo Yun and Dongyoon Han and Sanghyuk Chun and Junsuk Choe and Seong Joon Oh},
    title     = {Rethinking spatial dimensions of Vision Transformers},
    booktitle = {ICCV},
    year      = {2021},
}

@inproceedings{he2014ssp,
    author    = {Kaiming He and Xiangyu Zhang and Shaoqing Ren and Jian Sun},
    title     = {Spatial Pyramid Pooling in Deep Convolutional Networks for Visual Recognition},
    booktitle = {ECCV},
    year      = {2014},
}

@inproceedings{sermanet2014overfeat,
    author    = {Pierre Sermanet and David Eigen and Xiang Zhang and Michael Mathieu and Rob Fergus and Yann LeCun},
    title     = {OverFeat: Integrated Recognition, Localization and Detection using Convolutional Networks},
    booktitle = {ICLR},
    year      = {2014},
}

@inproceedings{huang2017densenet,
    author    = {Gao Huang and Zhuang Liu and Laurens van der Maaten and Kilian Q. Weinberger},
    title     = {Densely Connected Convolutional Networks},
    booktitle = {CVPR},
    year      = {2017},
}

@inproceedings{chen2020simclr,
    author      = {Ting Chen and Simon Kornblith and Mohammad Norouzi and Geoffrey Hinton},
    title       = {A Simple Framework for Contrastive Learning of Visual Representations},
    booktitle   = {ICML}, 
    year        = {2020}
}

@inproceedings{he2022mae,
    author      = {Kaiming He and Xinlei Chen and Saining Xie and Yanghao Li and Piotr Doll{\'a}r and Ross Girshick},
    title       = {Masked Autoencoders Are Scalable Vision Learners},
    booktitle   = {CVPR},
    year        = {2022}
}

@inproceedings{bao2022beit,
    author      = {Hangbo Bao and Li Dong and Songhao Piao and Furu Wei},
    title       = {BEiT: BERT Pre-Training of Image Transformers},
    booktitle   = {ICLR},
    year        = {2022}
}

@inproceedings{li2023maskdino,
    author      = {Feng Li and Hao Zhang and Huaizhe xu and Shilong Liu and Lei Zhang and Lionel M. Ni and Heung-Yeung Shum},
    title       = {Mask DINO: Towards A Unified Transformer-based Framework for Object Detection and Segmentation},
    booktitle   = {CVPR},
    year        = {2023}
}

@inproceedings{zhang2023dino,
    author      = {Hao Zhang and Feng Li and Shilong Liu and Lei Zhang and Hang Su and Jun Zhu and Lionel Ni and Heung-Yeung Shum},
    title       = {DINO: DETR with Improved DeNoising Anchor Boxes for End-to-End Object Detection},
    booktitle   = {ICLR},
    year        = {2023}
}

@inproceedings{zhai2022scalingvit,
    author      = {Xiaohua Zhai and Alexander Kolesnikov and Neil Houlsby and Lucas Beyer},
    title       = {Scaling Vision Transformers},
    booktitle   = {CVPR},
    year        = {2022}
}

@inproceedings{dehghani2023scalingvit22b,
    author      = {Mostafa Dehghani and Josip Djolonga and Basil Mustafa and et al.},
    title       = {Scaling Vision Transformers to 22 Billion Parameters},
    booktitle   = {ICML},
    year        = {2023},
}

@inproceedings{brown2020gpt3,
    author      = {Tom B. Brown and Benjamin Mann and Nick Ryder and Melanie Subbiah and Jared Kaplan and Prafulla Dhariwal and Arvind Neelakantan and Pranav Shyam and Girish Sastry and Amanda Askell, Sandhini Agarwal and Ariel Herbert-Voss and Gretchen Krueger and Tom Henighan and Rewon Child and Aditya Ramesh and Daniel M. Ziegler and Jeffrey Wu and Clemens Winter and Christopher Hesse and Mark Chen and Eric Sigler and Mateusz Litwin and Scott Gray and Benjamin Chess and Jack Clark and Christopher Berner and Sam McCandlish and Alec Radford and Ilya Sutskever and Dario Amodei},
    title       = {Language Models are Few-Shot Learners},
    booktitle   = {NeurIPS},
    year        = {2020}
}

@inproceedings{devlin2019bert,
    author      = {Jacob Devlin and Ming-Wei Chang and Kenton Lee and Kristina Toutanova},
    title       = {BERT: Pre-training of Deep Bidirectional Transformers for Language Understanding},
    booktitle   = {ACL},
    year        = {2019}
}

@inproceedings{chen2020igpt,
    author      = {Mark Chen and Alec Radford and Rewon Child and Jeff Wu and Heewoo Jun and Prafulla Dhariwal and David Luan and Ilya Sutskever},
    title       = {Generative Pretraining from Pixels},
    booktitle   = {ICML},
    year        = {2020}
}

@inproceedings{loshchilov2019adamw,
    author      = {Ilya Loshchilov and Frank Hutter},
    title       = {Decoupled weight decay regularization},
    booktitle   = {ICLR},
    year        = {2019}
}

@inproceedings{shiasi2021lsjitter,
    author      = {Golnaz Ghiasi and Yin Cui and Aravind Srinivas and Rui Qian and TsungYi Lin and Ekin D Cubuk and Quoc V Le and Barret Zoph},
    title       = {Simple copy-paste is a strong data augmentation method for instance segmentation},
    booktitle   = {CVPR},
    year        = {2021}
}

@inproceedings{wu2018groupnorm,
    author      = {Yuxin Wu and Kaiming He},
    title       = {Group Normalization},
    booktitle   = {ECCV},
    year        = {2018}
}

@inproceedings{lin2023plaindetr,
    title       = {{DETR} Does Not Need Multi-Scale or Locality Design},
    author      = {Lin, Yutong and Yuan, Yuhui and Zhang, Zheng and Li, Chen and Zheng, Nanning and Hu, Han},
    booktitle   = {ICCV},
    year        = {2023}
}

@inproceedings{xie2022simmim,
    title       = {SimMIM: A Simple Framework for Masked Image Modeling},
    author      = {Zhenda Xie and Zheng Zhang and Yue Cao and Yutong Lin and Jianmin Bao and Zhuliang Yao and Qi Dai and Han Hu},
    booktitle   = {CVPR},
    year        = {2022}
}

@inproceedings{xie2022simmim,
    title       = {Swin Transformer V2: Scaling Up Capacity and Resolution},
    author      = {Ze Liu and Han Hu and Yutong Lin and Zhuliang Yao and Zhenda Xie and Yixuan Wei and Jia Ning and Yue Cao and Zheng Zhang and Li Dong and Furu Wei and Baining Guo},
    booktitle   = {CVPR},
    year        = {2022}
}